<?xml version="1.0" encoding="UTF-8"?><collection xmlns="http://www.loc.gov/MARC21/slim"><record><leader>00488nam--2200181-u-4500</leader><controlfield tag="001">000051587</controlfield><controlfield tag="002">20161230</controlfield><controlfield tag="005">20161230201049</controlfield><controlfield tag="008">080807s1000------------r-----000-0-eng-d</controlfield><datafield ind1=" " ind2=" " tag="020"><subfield code="a">0847682455</subfield></datafield><datafield ind1=" " ind2=" " tag="040"><subfield code="a">IFIN-HH</subfield></datafield><datafield ind1=" " ind2=" " tag="080"><subfield code="a">53.01:140.8</subfield></datafield><datafield ind1="1" ind2=" " tag="100"><subfield code="a">Rescher, N</subfield></datafield><datafield ind1="1" ind2="0" tag="245"><subfield code="a">Priceless knowledge? natural science in economic perspective</subfield><subfield code="c">Nicolas rescher</subfield></datafield><datafield ind1=" " ind2=" " tag="260"><subfield code="a">Lanham</subfield><subfield code="b">Rowman &amp; Littlefied</subfield><subfield code="c">1996</subfield></datafield><datafield ind1=" " ind2=" " tag="300"><subfield code="a">186 p</subfield></datafield><datafield ind1=" " ind2=" " tag="852"><subfield code="a">81603</subfield><subfield code="c">53.01</subfield></datafield><datafield ind1=" " ind2=" " tag="CAT"><subfield code="a">Sys</subfield><subfield code="c">20151014</subfield><subfield code="h">124436</subfield></datafield></record></collection>